@Article{tomasulo:algorithm:5392028,
  Title                    = {An Efficient Algorithm for Exploiting Multiple Arithmetic Units},
  Author                   = {Tomasulo, R. M.},
  Journal                  = {IBM Journal of Research and Development},
  Year                     = {1967},

  Month                    = {Jan},
  Number                   = {1},
  Pages                    = {25-33},
  Volume                   = {11},

  Doi                      = {10.1147/rd.111.0025},
  ISSN                     = {0018-8646}
}

@incollection{Moore:2000:CMC:333067.333074,
 author = {Moore, Gordon E.},
 chapter = {Cramming More Components Onto Integrated Circuits},
 title = {Readings in Computer Architecture},
 editor = {Hill, Mark D. and Jouppi, Norman P. and Sohi, Gurindar S.},
 year = {2000},
 isbn = {1-55860-539-8},
 pages = {56--59},
 numpages = {4},
 url = {http://dl.acm.org/citation.cfm?id=333067.333074},
 acmid = {333074},
 publisher = {Morgan Kaufmann Publishers Inc.},
 address = {San Francisco, CA, USA},
}

@misc{fischer2014cybersecurity,
  title={Cybersecurity Issues and challenges: in brief},
  author={Fischer, Eric A},
  year={2014},
  publisher={Congressional Research Service}
}

@inproceedings{Wang:2010:VCU:1852666.1852699,
 author = {Wang, Ju An and Guo, Minzhe},
 title = {Vulnerability Categorization Using Bayesian Networks},
 booktitle = {Proceedings of the Sixth Annual Workshop on Cyber Security and Information Intelligence Research},
 series = {CSIIRW '10},
 year = {2010},
 isbn = {978-1-4503-0017-9},
 location = {Oak Ridge, Tennessee, USA},
 pages = {29:1--29:4},
 articleno = {29},
 numpages = {4},
 url = {http://doi.acm.org/10.1145/1852666.1852699},
 doi = {10.1145/1852666.1852699},
 acmid = {1852699},
 publisher = {ACM},
 address = {New York, NY, USA},
 keywords = {Bayesian networks, categorization, vulnerability analysis and management, vulnerability management},
} 

@book{nakamura2007segurancca,
  title={Seguran{\c{c}}a de redes em ambientes cooperativos},
  author={Nakamura, Emilio Tissato and de Geus, Paulo L{\'\i}cio},
  year={2007},
  publisher={Novatec Editora}
}

@Book{ nla.cat-vn3850333,
author = { Stoneburner, Gary. and Goguen, Alice. and Feringa, Alexis. and National Institute of Standards and Technology (U.S.) },
title = { Risk management guide for information technology systems [electronic resource] : recommendations of the National Institute of Standards and Technology / Gary Stoneburner, Alice Goguen, and Alexis Feringa },
publisher = { U.S. Dept. of Commerce, National Institute of Standards and Technology Gaithersburg, Md },
year = { 2002 },
type = { Book, Online },
language = { English },
subjects = { Computer security -- Standards -- United States.; Risk management -- United States.; United States -- Politics and government -- Data processing. },
life-dates = { 2002 -  },
catalogue-url = { http://nla.gov.au/nla.cat-vn3850333 },
}

@book{semola2003gestao,
  title={Gest{\~a}o Da Seguran{\c{c}}a Da Informa{\c{c}}{\~a}o},
  author={S{\^e}mola, M.},
  isbn={9788535211917},
  year={2003},
  publisher={ELSEVIER EDITORA}
}

@book{weidman2014penetration,
  title={Penetration Testing: A Hands-On Introduction to Hacking},
  author={Weidman, G.},
  isbn={9781593275648},
  lccn={2014001066},
  url={https://books.google.com.br/books?id=T\_LlAwAAQBAJ},
  year={2014},
  publisher={No Starch Press}
}

@inproceedings{Epling:2015:PTB:2885990.2885996,
 author = {Epling, Lee and Hinkel, Brandon and Hu, Yi},
 title = {Penetration Testing in a Box},
 booktitle = {Proceedings of the 2015 Information Security Curriculum Development Conference},
 series = {InfoSec '15},
 year = {2015},
 isbn = {978-1-4503-4049-6},
 location = {Kennesaw, Georgia},
 pages = {6:1--6:4},
 articleno = {6},
 numpages = {4},
 url = {http://doi.acm.org/10.1145/2885990.2885996},
 doi = {10.1145/2885990.2885996},
 acmid = {2885996},
 publisher = {ACM},
 address = {New York, NY, USA},
 keywords = {penetration testing, vulnerability assessment},
} 

@book{allen2014kali,
  title={Kali Linux -- Assuring Security by Penetration Testing},
  author={Allen, L. and Heriyanto, T. and Ali, S.},
  isbn={9781849519496},
  series={Community experience distilled},
  url={https://books.google.com.br/books?id=QcBGAwAAQBAJ},
  year={2014},
  publisher={Packt Publishing}
}

@misc{ulbrich2003universidade,
  title={Universidade Hacker--Desvende todos os segredos dos submundos dos hackers. 2{\textordfeminine}},
  author={Ulbrich, HC and Della Valle, J},
  year={2003},
  publisher={Digerati, S{\~a}o Paulo, Brazil}
}

@INPROCEEDINGS{7489631, 
author={I. Altaf and F. u. Rashid and J. A. Dar and M. Rafiq}, 
booktitle={2015 International Conference on Soft Computing Techniques and Implementations (ICSCTI)}, 
title={Vulnerability assessment and patching management}, 
year={2015}, 
volume={}, 
number={}, 
pages={16-21}, 
keywords={SQL;program testing;query processing;relational databases;PHP applications;SQL-injection attacks;Web application;automated testing approach;data confidentiality strategy;data recovery;data security strategy;data storage;database queries;information system breach;patching management;text based input data;vindictive code;vindictive input;vulnerability assessment;vulnerability identification;vulnerability prioritization;vulnerability quantification;vulnerability ranking;vulnerability testing accurateness improvement;vulnerability testing exactness improvement;Computer hacking;Data mining;Databases;Firewalls (computing);Servers;Testing;Acunetix;Blind SQL injection;Bypass Authentication;Pen testing;Penetration testing;SQL injection;Vulnerability Testing}, 
doi={10.1109/ICSCTI.2015.7489631}, 
ISSN={}, 
month={Oct},}

@INPROCEEDINGS{vulnerabilityScanningTool, 
author={R. Lukanta and Y. Asnar and A. I. Kistijantoro}, 
booktitle={2014 International Conference on Data and Software Engineering (ICODSE)}, 
title={A vulnerability scanning tool for session management vulnerabilities}, 
year={2014}, 
volume={}, 
number={}, 
pages={1-6}, 
keywords={program testing;search engines;CSRF detector;Nikto;OWASP;cross-site request forgery;false negative;field testing;functional testing;insufficient cookies attributes;open source tool;random token detection;session fixation;session management vulnerabilities;synthetic test cases;vulnerability scanning tool;Authentication;Browsers;Detectors;Facebook;Software;Testing;Uniform resource locators;Google Chrome extension;Nikto;black box testing;session management vulnerabilities;vulnerability scanning}, 
doi={10.1109/ICODSE.2014.7062682}, 
ISSN={}, 
month={Nov},}

@inproceedings{Gawron:2015:AVD:2799979.2799986,
 author = {Gawron, Marian and Amirkhanyan, Aragats and Cheng, Feng and Meinel, Christoph},
 title = {Automatic Vulnerability Detection for Weakness Visualization and Advisory Creation},
 booktitle = {Proceedings of the 8th International Conference on Security of Information and Networks},
 series = {SIN '15},
 year = {2015},
 isbn = {978-1-4503-3453-2},
 location = {Sochi, Russia},
 pages = {229--236},
 numpages = {8},
 url = {http://doi.acm.org/10.1145/2799979.2799986},
 doi = {10.1145/2799979.2799986},
 acmid = {2799986},
 publisher = {ACM},
 address = {New York, NY, USA},
 keywords = {attack graph, network security, security analytics, vulnerability analysis, vulnerability detection},
} 

@MISC{openvas,
        title="OpenVAS Open Vulnerability Assessment System",
        author = "OpenVAS",
        HOWPUBLISHED = {\url{http://www.openvas.org/about.html}},
        NOTE = "acessado em 29/10/2017",
        year = 2014,}
        
@MISC{Schwarzer,
        author = "Stefan Schwarzer",
        title = "OpenVAS 4 Análise detalhada",
        location = "São Paulo",
        year= 2011,
        publisher = "Linux Magazine",
        }
        
        
@INPROCEEDINGS{vuldec, 
author={S. S. Kim and D. E. Lee and C. S. Hong}, 
booktitle={2016 International Conference on Information Networking (ICOIN)}, 
title={Vulnerability detection mechanism based on open API for multi-user's convenience}, 
year={2016}, 
volume={}, 
number={}, 
pages={458-462}, 
keywords={application program interfaces;security of data;Open API;OpenVAS;VDT;application program interfaces;vulnerability detection mechanism;vulnerability detection tools;Open API;OpenVAS;Vulnerability Detection Tool}, 
doi={10.1109/ICOIN.2016.7427159}, 
ISSN={}, 
month={Jan},}

@INPROCEEDINGS{nessus,
author={Sun-young Im and S. H. Shin and Ki Yeol Ryu and Byeong-hee Roh},
booktitle={2016 Eighth International Conference on Ubiquitous and Future Networks (ICUFN)},
title={Performance evaluation of network scanning tools with operation of firewall},
year={2016},
volume={},
number={},
pages={876-881},
keywords={Internet;computer network performance evaluation;firewalls;Internet;Nessus;Nmap;cyber-attacks;fingerprinting techniques;firewall;malicious purposes;network scanning tools;performance evaluation;Fingerprint recognition;Firewalls (computing);Internet;Linux;Object recognition;Operating systems;Performance evaluation;Fingerprinting;Firewall;Nessus;Network Scanning Tool;Network Security;Nmap},
doi={10.1109/ICUFN.2016.7537162},
ISSN={},
month={July},}
        


@misc{anderson2003introduction,
  title={Introduction to nessus},
  author={Anderson, Harry},
  journal={2003-10). http://www. securityfocus. com/infocus/1741},
  year={2003}
}

@MISC{tenable,
        title="Tenable Network Security",
        author = "Tenable",
        HOWPUBLISHED = {\url{https://www.tenable.com/products/nessus-vulnerability-scanner}},
        NOTE = "acessado em 29/10/2017",
        year = 2017,}
        
@book{bishop2005introduction,
  title={Introduction to Computer Security},
  author={Bishop, M.},
  isbn={9780321247445},
  lccn={2004019195},
  url={https://books.google.com.br/books?id=Z-lQAAAAMAAJ},
  year={2005},
  publisher={Addison-Wesley}
}

@article{nunes2012definiccao,
  title={A defini{\c{c}}{\~a}o de uma Estrat{\'e}gia Nacional de Ciberseguran{\c{c}}a},
  author={Nunes, Paulo Viegas},
  journal={Na{\c{c}}{\~a}o e Defesa-Revista Quadrimestral n, {\textordmasculine}},
  volume={133},
  pages={113--127},
  year={2012}
}

@MISC{cvss,
        title="Common  Vulnerability  Scoring  System  v3.0:  Specification  Document",
        author = "FIRST",
        HOWPUBLISHED = {\url{https://www.first.org/cvss/specification-document}},
        NOTE = "acessado em 5/11/2017",
        year = 2017,}
        


@MISC{raspberry,
        title="Raspberry Pi - Teach, Learn, and Make with Raspberry Pi ",
        author = "Raspberry",
        HOWPUBLISHED = {\url{https://www.raspberrypi.org/}},
        NOTE = "acessado em 6/11/2017",
        year = 2017,}
        
@inproceedings{Kononenko:2014:MMR:2597073.2597091,
 author = {Kononenko, Oleksii and Baysal, Olga and Holmes, Reid and Godfrey, Michael W.},
 title = {Mining Modern Repositories with Elasticsearch},
 booktitle = {Proceedings of the 11th Working Conference on Mining Software Repositories},
 series = {MSR 2014},
 year = {2014},
 isbn = {978-1-4503-2863-0},
 location = {Hyderabad, India},
 pages = {328--331},
 numpages = {4},
 url = {http://doi.acm.org/10.1145/2597073.2597091},
 doi = {10.1145/2597073.2597091},
 acmid = {2597091},
 publisher = {ACM},
 address = {New York, NY, USA},
 keywords = {Elasticsearch, agile data, scalability},
} 


@MISC{elastic,
        title="Elasticsearch: RESTful, Distributed Search & Analytics",
        author = "Elastic",
        HOWPUBLISHED = {\url{https://www.elastic.co/products/elasticsearch}},
        NOTE = "acessado em 7/11/2017",
        year = 2017,}
        
        
@book{lyon2009nmap,
  title={Nmap network scanning: The official Nmap project guide to network discovery and security scanning},
  author={Lyon, Gordon Fyodor},
  year={2009},
  publisher={Insecure}
}


        
@MISC{nmap,
        title="Nmap the Network Mapper - Free Security Scanner",
        author = "NMAP",
        HOWPUBLISHED = {\url{https://nmap.org/man/pt_BR/index.html#man-description}},
        NOTE = "acessado em 9/11/2017",
        year = 2017,}

